@InProceedings{Veys2021,
	author    = {Sophie Veys and Daniel Serrano and Madison Stamos and Margot Herman and Nathan Reitinger and Michelle L. Mazurek and Blase Ur},
	booktitle = {Seventeenth Symposium on Usable Privacy and Security (SOUPS 2021)},
	title     = {Pursuing Usable and Useful Data Downloads Under {GDPR/CCPA} Access Rights via {Co-Design}},
	year      = {2021},
	month     = aug,
	pages     = {217--242},
	publisher = {USENIX Association},
	file      = {:literature-pdfs/veys2021.pdf:PDF},
	isbn      = {978-1-939133-25-0},
	url       = {https://www.usenix.org/conference/soups2021/presentation/veys},
}

@Comment{jabref-meta: databaseType:bibtex;}

% Encoding: UTF-8
